@article{schlechtweg2018diachronic,
  title={Diachronic Usage Relatedness (DURel): A framework for the annotation of lexical semantic change},
  author={Schlechtweg, Dominik and Walde, Sabine Schulte im and Eckmann, Stefanie},
  journal={arXiv preprint arXiv:1804.06517},
  year={2018}
}

@article{ustalov2018unsupervised,
  title={An unsupervised word sense disambiguation system for under-resourced languages},
  author={Ustalov, Dmitry and Teslenko, Denis and Panchenko, Alexander and Chernoskutov, Mikhail and Biemann, Chris and Ponzetto, Simone Paolo},
  journal={arXiv preprint arXiv:1804.10686},
  year={2018}
}

@inproceedings{chaplot2015unsupervised,
  title={Unsupervised word sense disambiguation using markov random field and dependency parser},
  author={Chaplot, Devendra Singh and Bhattacharyya, Pushpak and Paranjape, Ashwin},
  booktitle={Twenty-Ninth AAAI Conference on Artificial Intelligence},
  year={2015}
}

@article{devlin2018bert,
  title={Bert: Pre-training of deep bidirectional transformers for language understanding},
  author={Devlin, Jacob and Chang, Ming-Wei and Lee, Kenton and Toutanova, Kristina},
  journal={arXiv preprint arXiv:1810.04805},
  year={2018}
}

@inproceedings{hamilton2016cultural,
  title={Cultural shift or linguistic drift? comparing two computational measures of semantic change},
  author={Hamilton, William L and Leskovec, Jure and Jurafsky, Dan},
  booktitle={Proceedings of the Conference on Empirical Methods in Natural Language Processing. Conference on Empirical Methods in Natural Language Processing},
  volume={2016},
  pages={2116},
  year={2016},
  organization={NIH Public Access}
}

@inproceedings{shoemark2019room,
  title={Room to Glo: A Systematic Comparison of Semantic Change Detection Approaches with Word Embeddings},
  author={Shoemark, Philippa and Liza, Farhana Ferdousi and Nguyen, Dong and Hale, Scott and McGillivray, Barbara},
  booktitle={Proceedings of the 2019 Conference on Empirical Methods in Natural Language Processing and the 9th International Joint Conference on Natural Language Processing (EMNLP-IJCNLP)},
  pages={66--76},
  year={2019}
}

@inproceedings{shoemark2019room,
  title={Room to Glo: A Systematic Comparison of Semantic Change Detection Approaches with Word Embeddings},
  author={Shoemark, Philippa and Liza, Farhana Ferdousi and Nguyen, Dong and Hale, Scott and McGillivray, Barbara},
  booktitle={Proceedings of the 2019 Conference on Empirical Methods in Natural Language Processing and the 9th International Joint Conference on Natural Language Processing (EMNLP-IJCNLP)},
  pages={66--76},
  year={2019}
}

@article{schlechtweg2019wind,
  title={A Wind of Change: Detecting and Evaluating Lexical Semantic Change across Times and Domains},
  author={Schlechtweg, Dominik and H{\"a}tty, Anna and del Tredici, Marco and Walde, Sabine Schulte im},
  journal={arXiv preprint arXiv:1906.02979},
  year={2019}
}

@inproceedings{hu2019diachronic,
  title={Diachronic sense modeling with deep contextualized word embeddings: An ecological view},
  author={Hu, Renfen and Li, Shen and Liang, Shichen},
  booktitle={Proceedings of the 57th Annual Meeting of the Association for Computational Linguistics},
  pages={3899--3908},
  year={2019}
}

@inproceedings{hu2019diachronic,
  title={Diachronic sense modeling with deep contextualized word embeddings: An ecological view},
  author={Hu, Renfen and Li, Shen and Liang, Shichen},
  booktitle={Proceedings of the 57th Annual Meeting of the Association for Computational Linguistics},
  pages={3899--3908},
  year={2019}
}

@article{wiedemann2019does,
  title={Does BERT Make Any Sense? Interpretable Word Sense Disambiguation with Contextualized Embeddings},
  author={Wiedemann, Gregor and Remus, Steffen and Chawla, Avi and Biemann, Chris},
  journal={arXiv preprint arXiv:1909.10430},
  year={2019}
}

@inproceedings{clark2019electra,
  title={ELECTRA: Pre-training Text Encoders as Discriminators Rather Than Generators},
  author={Clark, Kevin and Luong, Minh-Thang and Le, Quoc V and Manning, Christopher D},
  booktitle={International Conference on Learning Representations},
  year={2019}
}

@inproceedings{raganato2017word,
  title={Word sense disambiguation: A unified evaluation framework and empirical comparison},
  author={Raganato, Alessandro and Camacho-Collados, Jose and Navigli, Roberto},
  booktitle={Proceedings of the 15th Conference of the European Chapter of the Association for Computational Linguistics: Volume 1, Long Papers},
  pages={99--110},
  year={2017}
}

@article{eger2017eelection,
  title={EELECTION at SemEval-2017 Task 10: Ensemble of nEural Learners for kEyphrase ClassificaTION},
  author={Eger, Steffen and Dinh, Erik-L{\^a}n Do and Kuznetsov, Ilia and Kiaeeha, Masoud and Gurevych, Iryna},
  journal={arXiv preprint arXiv:1704.02215},
  year={2017}
}

@article{camacho2018word,
  title={From word to sense embeddings: A survey on vector representations of meaning},
  author={Camacho-Collados, Jose and Pilehvar, Mohammad Taher},
  journal={Journal of Artificial Intelligence Research},
  volume={63},
  pages={743--788},
  year={2018}
}

@article{englhardt2019improving,
  title={Improving semantic change analysis by combining word embeddings and word frequencies},
  author={Englhardt, Adrian and Willkomm, Jens and Sch{\"a}ler, Martin and B{\"o}hm, Klemens},
  journal={International Journal on Digital Libraries},
  pages={1--18},
  year={2019},
  publisher={Springer}
}

@inproceedings{scarlini2020sensembert,
  title={SENSEMBERT: Context-Enhanced Sense Embeddings for Multilingual Word Sense Disambiguation},
  author={Scarlini, Bianca and Pasini, Tommaso and Navigli, Roberto},
  booktitle={Proc. of AAAI},
  year={2020}
}

@article{mcinnes2018umap,
  title={Umap: Uniform manifold approximation and projection for dimension reduction},
  author={McInnes, Leland and Healy, John and Melville, James},
  journal={arXiv preprint arXiv:1802.03426},
  year={2018}
}

@inproceedings{panchenko2017unsupervised,
  title={Unsupervised does not mean uninterpretable: The case for word sense induction and disambiguation},
  author={Panchenko, Alexander and Ruppert, Eugen and Faralli, Stefano and Ponzetto, Simone Paolo and Biemann, Chris},
  year={2017},
  organization={Association for Computational Linguistics}
}

@article{panchenko2017unsupervised,
  title={Unsupervised, knowledge-free, and interpretable word sense disambiguation},
  author={Panchenko, Alexander and Marten, Fide and Ruppert, Eugen and Faralli, Stefano and Ustalov, Dmitry and Ponzetto, Simone Paolo and Biemann, Chris},
  journal={arXiv preprint arXiv:1707.06878},
  year={2017}
}

@article{coenen2019visualizing,
  title={Visualizing and Measuring the Geometry of BERT},
  author={Coenen, Andy and Reif, Emily and Yuan, Ann and Kim, Been and Pearce, Adam and Vi{\'e}gas, Fernanda and Wattenberg, Martin},
  journal={arXiv preprint arXiv:1906.02715},
  year={2019}
}

@inproceedings{raganato2017word,
  title={Word sense disambiguation: A unified evaluation framework and empirical comparison},
  author={Raganato, Alessandro and Camacho-Collados, Jose and Navigli, Roberto},
  booktitle={Proceedings of the 15th Conference of the European Chapter of the Association for Computational Linguistics: Volume 1, Long Papers},
  pages={99--110},
  year={2017}
}






























